@book{pressman,
 	author               	= {Pressman, Roger S.},
 	booktitle            	= {Ingeniería del Software: Un enfoque práctico},
 	edition              	= {6},
 	publisher            	= {McGraw Hill},
 	title                	= {Ingeniería del Software: Un enfoque práctico},
 	year                 	= {2006},
}

@book{ander-egg,
 	author               	= {Ezequiel Ander-Egg and María José Aguilar Idáñez},
 	booktitle            	= {Cómo Elaborar un Proyecto},
 	edition              	= {13},
 	publisher            	= {Lumen/HVManitas},
 	title                	= {Cómo Elaborar un Proyecto},
 	year                 	= {1996},
}


@book{emiliani,
 	author               	= {Federico Emiliani},
 	booktitle            	= {Proyectos de Investigación Científica},
 	publisher            	= {UNL-CONICET-ACNL},
 	title                	= {Proyectos de Investigación Científica},
 	year                 	= {1995},
}

@book{pmbok,
	author               	= {Project M. Institute},
 	booktitle           	= {Guía de los Fundamentos para la Dirección de Proyecto},
 	edition              	= {4},
 	publisher            	= {Project Management Institute, Inc.},
 	title                	= {Guía de los Fundamentos para la Dirección de Proyecto},
 	year                 	= {2008},
}



@book{sommerville,
	author               	= {I. Sommerville},
 	booktitle           	= {Ingeniería del Software},
 	edition              	= {7},
 	publisher            	= {Pearson Educación S.A.},
 	title                	= {Ingeniería del Software},
 	year                 	= {2005},
}

@book{ria,
	author					= {RIA. Revista de Investigación Agropecuaria.},
	booktitle				= {vol.42 no.2 Ciudad Autónoma de Buenos Aires.},
	title					= {Bienestar animal en bovinos: selección de indicadores vinculados a la salud y producción},
	
	year					= {Ago. 2016},
}

@book{surdelsur,
	author					= {El Sur Del Sur.},
	year					= {Ago. 2016},
	title					= {https://surdelsur.com/es/ganaderia-argentina/},
}

@book{cessi,
	author					= {Cámara de la Industria Argentina del Software (CESSI)},
	publisher           	= {Artículo: ver noticias cessi salario promedio de los programadores en argentina 2018},
	year					= {2018},
	title					= {www.cessi.org.ar}
}

@book{ganarg,
	author					= {Editorial Kapelusz},
	publisher           	= {Artículo: La Ganaderia en Argentina Cria de Ganado Vacuno Produccion e Invernada},
	year					= {2018},
	title					= {https://historiaybiografias.com/ganaeria-argentina/}
}

@book{inta,
	author					= {Instituto Nacional de Tecnología Agropecuaria (INTA)},
	title					= {https://inta.gob.ar/documentos/agricultura-vs-ganaderia},
	publisher				= {Agricultura vs Ganadería},
	year					= {2017}
	
}

@book{gauchat,
 	author               	= {Juan Diego Gauchat},
 	booktitle            	= {El Gran Libro de HTML5, CSS3 y JavaScript},
 	edition              	= {1},
 	publisher            	= {Marcombo},
 	title                	= {El Gran Libro de HTML5, CSS3 y JavaScript},
 	year                 	= {2012},
}

@book{callidad,
 	author               	= {Juan Bernardo Quintero},
 	booktitle            	= {Arquitectura de Software, Atributos de Calidad},
 	edition              	= {1},
 	publisher            	= {2015},
 	title                	= {Arquitectura de Software, Atributos de Calidad},
 	year                 	= {2015},
}